@misc{ Nobody06,
author = "Nobody Jr",
title = "My Article",
year = "2006" }

@inproceedings{veit2003model,
 title={Model-view-controller and object teams: A perfect match of paradigms},
 author={Veit, Matthias and Herrmann, Stephan},
 booktitle={Proceedings of the 2nd international conference on Aspect-oriented software development},
 pages={140--149},
 year={2003},
 organization={ACM}
}
