%% This BibTeX bibliography file was created using BibDesk.
%% http://bibdesk.sourceforge.net/

%% Created for nook at 2015-08-12 16:11:22 -0400 


%% Saved with string encoding Unicode (UTF-8) 



@misc{daxphoto,
	Author = {Julietta Gervase},
	Date-Added = {2015-08-12 20:05:22 +0000},
	Date-Modified = {2015-08-12 20:11:22 +0000},
	Howpublished = {Photo published at https://www.facebook.com/daxdartmouth},
	Month = {May},
	Title = {DAX photo},
	Year = {2015}}

@techreport{glassner1998interactive,
	Author = {Andrew Glassner},
	Date-Added = {2015-08-12 19:05:37 +0000},
	Date-Modified = {2015-08-12 19:07:53 +0000},
	Institution = {Miscrosoft Technical Report},
	Title = {Interactive pop-up card design},
	Year = {1998}}

@misc{Nobody06,
	Author = {Nobody Jr},
	Title = {My Article},
	Year = {2006}}

@inproceedings{veit2003model,
	Author = {Veit, Matthias and Herrmann, Stephan},
	Booktitle = {Proceedings of the 2nd international conference on Aspect-oriented software development},
	Organization = {ACM},
	Pages = {140--149},
	Title = {Model-view-controller and object teams: A perfect match of paradigms},
	Year = {2003}}

@article{catmull1974class,
	Author = {Catmull, Edwin and Rom, Raphael},
	Journal = {Computer aided geometric design},
	Pages = {317--326},
	Title = {A class of local interpolating splines},
	Volume = {74},
	Year = {1974}}

@book{chatani_pop-up_1986,
	Address = {Tokyo},
	Author = {Chatani, Masahiro},
	Isbn = {978-0-87040-733-8},
	Publisher = {Ondoriha},
	Shorttitle = {Pop-up greeting cards},
	Title = {Pop-up greeting cards: a creative personal touch for every occasion ; origamic architecture},
	Year = {1986}}

@book{badalucco_kirigami:_2001,
	Address = {New York},
	Annote = {Includes index},
	Author = {Badalucco, Laura},
	Edition = {1st pbk. ed},
	Isbn = {978-0-8069-4490-6},
	Keywords = {Paper work},
	Language = {eng},
	Publisher = {Sterling Pub. Co},
	Shorttitle = {Kirigami},
	Title = {Kirigami: [the art of 3-dimensional paper cutting]},
	Year = {2001}}

@book{rich_book_1993,
	Abstract = {A complete guide to all the techiques with more than 100 project ideas.--Title page.},
	Address = {New York},
	Author = {Rich, Chris},
	Isbn = {978-0-8069-0285-2 978-0-8069-0286-9},
	Language = {English},
	Publisher = {Sterling Pub. Co.},
	Shorttitle = {The book of paper cutting},
	Title = {The book of paper cutting: a complete guide to all the techniques with more than 100 project ideas},
	Year = {1993}}

@book{chatani_pop_1993,
	Address = {[S.l.]},
	Author = {Chatani, Masahiro},
	Language = {English},
	Publisher = {Ondori},
	Shorttitle = {Pop up {Gift} {Cards}; {Origami} {Architecture}},
	Title = {Pop up {Gift} {Cards}; {Origami} {Architecture}: {Ill}.},
	Year = {1993}}

@book{olson_mathematics_2004,
	Address = {Reston, Va},
	Author = {Olson, Alton T.},
	Isbn = {978-0-87353-076-7},
	Keywords = {Mathematics, Paper work, Study and teaching Audio-visual aids},
	Language = {eng},
	Publisher = {National Council of Teachers of Mathematics},
	Title = {Mathematics through paper folding},
	Year = {2004}}
